@article{rutenbar2007hierarchical, 
    author={R. A. Rutenbar and G. G. E. Gielen and J. Roychowdhury}, 
    journal={Proceedings of the IEEE}, 
    title={{Hierarchical Modeling, Optimization, and Synthesis for System-Level Analog and RF Designs}}, 
    year={2007}, 
    volume={95}, 
    number={3}, 
    pages={640-669}, 
    keywords={analogue integrated circuits;circuit CAD;integrated circuit design;radiofrequency integrated circuits;RF designs;algorithmic techniques;analog design automation;automated device sizing;automatic extraction;component-level tools;computer-aided design;computer-aided model generation;device-level circuit;hierarchical analog synthesis;hierarchical modeling;hierarchical synthesis;integrated circuits;mixed-signal designs;model optimization;nonlinear behaviors;nonlinear macromodel;numerical techniques;performance tradeoffs;statistical centering;statistical manufacturing variations;system-level analog design tools;Analog circuits;Analog computers;Assembly systems;Circuit synthesis;Design automation;Design optimization;Digital systems;Phase locked loops;Radio frequency;Space exploration;Computer-aided design;integrated circuits;modeling;simulation}, 
    doi={10.1109/JPROC.2006.889371}, 
    ISSN={0018-9219}, 
    month={March},
}
@article{rutenbar2007hierarchical, 
    author={R. A. Rutenbar and G. G. E. Gielen and J. Roychowdhury}, 
    journal={Proceedings of the IEEE}, 
    title={{Hierarchical Modeling, Optimization, and Synthesis for System-Level Analog and RF Designs}}, 
    year={2007}, 
    volume={95}, 
    number={3}, 
    pages={640-669}, 
    keywords={analogue integrated circuits;circuit CAD;integrated circuit design;radiofrequency integrated circuits;RF designs;algorithmic techniques;analog design automation;automated device sizing;automatic extraction;component-level tools;computer-aided design;computer-aided model generation;device-level circuit;hierarchical analog synthesis;hierarchical modeling;hierarchical synthesis;integrated circuits;mixed-signal designs;model optimization;nonlinear behaviors;nonlinear macromodel;numerical techniques;performance tradeoffs;statistical centering;statistical manufacturing variations;system-level analog design tools;Analog circuits;Analog computers;Assembly systems;Circuit synthesis;Design automation;Design optimization;Digital systems;Phase locked loops;Radio frequency;Space exploration;Computer-aided design;integrated circuits;modeling;simulation}, 
    doi={10.1109/JPROC.2006.889371}, 
    ISSN={0018-9219}, 
    month={March},
}
@article{PRML, 
  title={{Pattern Recognition and Machine Learning}}, 
  author={Bishop, C},
  journal={Springer, New York},
  year={2007}
}
@article{GPML,
  title={{Gaussian processes for machine learning}},
  author={Rasmussen, Carl Edward},
  year={2006},
  publisher={Citeseer}
}
@ARTICLE{shahriari2016taking, 
    author={B. Shahriari and K. Swersky and Z. Wang and R. P. Adams and N. de Freitas}, 
    journal={Proceedings of the IEEE}, 
    title={{Taking the Human Out of the Loop: A Review of Bayesian Optimization}}, 
    year={2016}, 
    volume={104}, 
    number={1}, 
    pages={148-175}, 
    keywords={Bayes methods;Big Data;optimisation;storage allocation;Bayesian optimization;Big data application;human productivity;large-scale heterogeneous computing;massive complex software system;product quality;storage architecture;Bayes methods;Big data;Decision making;Design of experiments;Genomes;Linear programming;Optimization;Statistical analysis;Decision making;decision making;design of experiments;genomic medicine;optimization;response surface methodology;statistical learning}, 
    doi={10.1109/JPROC.2015.2494218}, 
    ISSN={0018-9219}, 
    month={Jan},
}
@book{nocedal2006numerical,
  title={{Numerical optimization}},
  author={Nocedal, Jorge and Wright, Stephen},
  year={2006},
  publisher={Springer Science \& Business Media}
}
@article{daems2003simulation, 
    author={W. Daems and G. Gielen and W. Sansen}, 
    journal={IEEE Transactions on Computer-Aided Design of Integrated Circuits and Systems}, 
    title={{Simulation-based generation of posynomial performance models for the sizing of analog integrated circuits}}, 
    year={2003}, 
    volume={22}, 
    number={5}, 
    pages={517-534}, 
    keywords={analogue integrated circuits;circuit CAD;circuit simulation;design of experiments;geometric programming;integrated circuit design;integrated circuit modelling;response surface methodology;DOE;SPICE-level accuracy;accurate sizing model generation;analog IC sizing;analog circuit sizing problem;analog integrated circuits;design of experiments;geometric programming;linear circuits;nonlinear circuits;numerical simulation data;performance characteristics;posynomial performance models;posynomial response surface models;response surface modeling;simulation-based generation;Analog circuits;Analog integrated circuits;Character generation;Circuit simulation;Design automation;Differential equations;Integrated circuit modeling;Numerical simulation;Response surface methodology;SPICE}, 
    doi={10.1109/TCAD.2003.810742}, 
    ISSN={0278-0070}, 
    month={May},
}
@article{phelps2000anaconda, 
    author={R. Phelps and M. Krasnicki and R. A. Rutenbar and L. R. Carley and J. R. Hellums}, 
    journal={IEEE Transactions on Computer-Aided Design of Integrated Circuits and Systems}, 
    title={{Anaconda: simulation-based synthesis of analog circuits via stochastic pattern search}}, 
    year={2000}, 
    volume={19}, 
    number={6}, 
    pages={703-717}, 
    keywords={circuit CAD;circuit simulation;evolutionary computation;integrated circuit design;mixed analogue-digital integrated circuits;Anaconda;analog circuits;evolutionary algorithms;full circuit simulation;industrial-strength simulation environments;manual industrial designs;mixed-signal ICs;numerical search algorithm;pattern search;population-of-solutions ideas;simulation environment;simulation-based synthesis;stochastic pattern search;synthesized cell-level circuits;transparent network parallelism;Acceleration;Analog circuits;Circuit simulation;Circuit synthesis;Engines;Instruments;Integrated circuit synthesis;Network synthesis;Robustness;Stochastic processes}, 
    doi={10.1109/43.848091}, 
    ISSN={0278-0070}, 
    month={Jun},
}
@Article{boyd2007tutorial,
    author="Boyd, Stephen
        and Kim, Seung-Jean
        and Vandenberghe, Lieven
        and Hassibi, Arash",
    title="A tutorial on geometric programming",
    journal="Optimization and Engineering",
    year="2007",
    volume="8",
    number="1",
    pages="67",
    abstract="A geometric program (GP) is a type of mathematical optimization problem characterized by objective and constraint functions that have a special form. Recently developed solution methods can solve even large-scale GPs extremely efficiently and reliably; at the same time a number of practical problems, particularly in circuit design, have been found to be equivalent to (or well approximated by) GPs. Putting these two together, we get effective solutions for the practical problems. The basic approach in GP modeling is to attempt to express a practical problem, such as an engineering analysis or design problem, in GP format. In the best case, this formulation is exact; when this is not possible, we settle for an approximate formulation. This tutorial paper collects together in one place the basic background material needed to do GP modeling. We start with the basic definitions and facts, and some methods used to transform problems into GP format. We show how to recognize functions and problems compatible with GP, and how to approximate functions or data in a form compatible with GP (when this is possible). We give some simple and representative examples, and also describe some common extensions of GP, along with methods for solving (or approximately solving) them.",
    issn="1573-2924",
    doi="10.1007/s11081-007-9001-7",
    url="http://dx.doi.org/10.1007/s11081-007-9001-7"
}
@inproceedings{mcconaghy2005analysis, 
    author={T. McConaghy and G. Gielen}, 
    booktitle={2005 IEEE International Symposium on Circuits and Systems}, 
    title={{Analysis of simulation-driven numerical performance modeling techniques for application to analog circuit optimization}}, 
    year={2005}, 
    pages={1298-1301 Vol. 2}, 
    keywords={analogue circuits;circuit optimisation;circuit simulation;feedforward neural nets;genetic algorithms;polynomials;regression analysis;splines (mathematics);support vector machines;analog circuit optimization;boosted feedforward neural networks;genetic programming;kriging;multivariate adaptive regression splines;numerical performance modeling;polynomials;posynomials;simulation-driven modeling;simulator-in-the-loop;support vector machines;Analog circuits;Analytical models;Circuit simulation;Design optimization;Feedforward neural networks;Neural networks;Numerical models;Numerical simulation;Performance analysis;Performance gain}, 
    doi={10.1109/ISCAS.2005.1464833}, 
    ISSN={0271-4302}, 
    month={May},
}
@inproceedings{adc_gp_2002, 
    author={M. del Mar Hershenson}, 
    booktitle={IEEE/ACM International Conference on Computer Aided Design, 2002. ICCAD 2002.}, 
    title={{Design of pipeline analog-to-digital converters via geometric programming}}, 
    year={2002}, 
    pages={317-324}, 
    keywords={analogue-digital conversion;circuit CAD;circuit optimisation;geometric programming;integrated circuit design;integrated circuit noise;network topology;pipeline processing;polynomials;signal sampling;ADC component sizes;ADC design constraints;ADC polynomial model;ADC topology;area specifications;capacitors;component sizes;design specifications;geometric programming;geometric programming framework;globally optimal design;hierarchical problem formulation;infeasible specifications;intermediate design variables;modular formulation;monomial equality constraints;numerical algorithms;pipeline analog-to-digital converter design;polynomial inequality constraints;power specifications;process technology;sampling frequency;signal-to-noise ratio;transistors;Analog-digital conversion;Capacitors;Design methodology;Frequency;Pipelines;Polynomials;Signal design;Signal sampling;Signal to noise ratio;Topology}, 
    doi={10.1109/ICCAD.2002.1167553}, 
    ISSN={1092-3152}, 
    month={Nov},
}
@inproceedings{colleran2003optimization, 
    author={D. M. Colleran and C. Portmann and A. Hassibi and C. Crusius and S. S. Mohan and S. Boyd and T. H. Lee and M. del Mar Hershenson}, 
    booktitle={Proceedings of the IEEE 2003 Custom Integrated Circuits Conference, 2003.}, 
    title={Optimization of phase-locked loop circuits via geometric programming}, 
    year={2003}, 
    pages={377-380}, 
    keywords={CMOS analogue integrated circuits;UHF integrated circuits;circuit optimisation;geometric programming;integrated circuit design;jitter;phase locked loops;0.18 micron;1.8 V;1.9 GHz;10.8 mW;CMOS;PLL array;PLL frequency range;PLL global optimization;accumulated jitter;automated analog circuit design;geometric programming;period jitter;phase-locked loop circuits;CMOS process;Circuits;Design optimization;Equations;Frequency;Jitter;Phase locked loops;Semiconductor device modeling;Silicon;Voltage-controlled oscillators}, 
    doi={10.1109/CICC.2003.1249422}, 
    month={Sept},
}
@INPROCEEDINGS{del2004cmos, 
    author={M. del Mar Hershenson}, 
    booktitle={Proceedings of the 2004 American Control Conference}, 
    title={{CMOS} analog circuit design via geometric programming}, 
    year={2004}, 
    volume={4}, 
    pages={3266-3271 vol.4}, 
    keywords={CMOS analogue integrated circuits;circuit optimisation;convex programming;geometric programming;integrated circuit design;CMOS analog circuit design;circuit design problem;circuit performance measures;circuit synthesis method;convex optimization problem;geometric programming;polynomial functions}, 
    ISSN={0743-1619}, 
    month={June},
}
@article{hershenson2004analog,
    title={Analog circuit design via geometric programming},
    author={Hershenson, MD},
    journal={IEICE Transactions on Fundamentals of Electronics Communications and Computer Sciences},
    number={2},
    pages={298--310},
    year={2004}
    %publisher={IEICE-INST ELECTRONICS INFORMATION COMMUNICATIONS ENG KIKAI-SHINKO-KAIKAN BLDG, 3-5-8, SHIBA-KOEN, MINATO-KU, TOKYO, 105-0011, JAPAN}
}
@INPROCEEDINGS{wang2014enabling, 
    author={Y. Wang and M. Orshansky and C. Caramanis}, 
    booktitle={2014 51st ACM/EDAC/IEEE Design Automation Conference (DAC)}, 
    title={Enabling efficient analog synthesis by coupling sparse regression and polynomial optimization}, 
    year={2014}, 
    pages={1-6}, 
    keywords={analogue integrated circuits;concave programming;convex programming;integrated circuit design;least squares approximations;polynomials;regression analysis;relaxation theory;SDP relaxations;SPICE-generated data;convex relaxations;efficient analog synthesis;equation-based analog synthesis;least-square fits;non-convex optimization;polynomial optimization;semidefinite programming relaxations;sparse regression;Accuracy;Couplings;Integrated circuit modeling;Mathematical model;Optimization;Polynomials;SPICE}, 
    ISSN={0738-100X}, 
    month={June},
}
@inproceedings{PolyGP2016DATE, 
    author={Y. Wang and C. Caramanis and M. Orshansky}, 
    booktitle={2016 Design, Automation Test in Europe Conference Exhibition (DATE)}, 
    title={{PolyGP: Improving GP-based analog optimization through accurate high-order monomials and semidefinite relaxation}}, 
    year={2016}, 
    pages={1423-1428}, 
    keywords={analogue integrated circuits;geometric programming;higher order statistics;least squares approximations;polynomial approximation;GP-based analog optimization;PolyGP;SDP-relaxations;accurate high-order monomials;analog circuits;analog performance functions;common device-circuit functions;computational tractability;fitting device;fitting error;leverage recent tools;logarithmic variables;moment optimization;monomial inaccuracy;polynomial exponential functions;polynomial geometric programming;polynomial optimization;semidefinite optimization;semidefinite relaxation;sums-of-squares;symbolic performance functions;Analytical models;Convex functions;Mathematical model;Optimization;Performance evaluation;Programming;Transistors}, 
    month={March},
}
@ARTICLE{6155115,
    author={M. B. Yelten and T. Zhu and S. Koziel and P. D. Franzon and M. B. Steer},
    journal={IEEE Circuits and Systems Magazine},
    title={Demystifying Surrogate Modeling for Circuits and Systems},
    year={2012},
    volume={12},
    number={1},
    pages={45-63},
    keywords={circuit simulation;black-box surrogate modeling;circuit surrogate modeling;engineering models;grey-box surrogate modeling;system surrogate modeling;Couplings;Electromagnetic modeling;Mathematical model;Modeling;Solid modeling},
    doi={10.1109/MCAS.2011.2181095},
    ISSN={1531-636X},
    month={Firstquarter},
}
@inproceedings{okobiah2012ordinary, 
    author={O. Okobiah and S. P. Mohanty and E. Kougianos}, 
    booktitle={Thirteenth International Symposium on Quality Electronic Design (ISQED)}, 
    title={Ordinary Kriging metamodel-assisted Ant Colony algorithm for fast analog design optimization}, 
    year={2012}, 
    pages={458-463}, 
    keywords={amplifiers;analogue integrated circuits;integrated circuit modelling;interpolation;optimisation;SPICE netlist;a design constraint;analog design optimization;correlation effects;integrated circuit modelling;interpolation;metamodel generation phase;ordinary Kriging metamodel-assisted ant colony algorithm;regression;sense amplifier precharge time;Accuracy;Algorithm design and analysis;Computational modeling;Correlation;Metamodeling;Optimization;Response surface methodology;Kriging Methods;Metamodeling;Nano-CMOS;Robust Design;Sense Amplifier}, 
    doi={10.1109/ISQED.2012.6187533}, 
    ISSN={1948-3287}, 
    month={March},
}
@inproceedings{Okobiah_kriging_2014, 
    author={O. Okobiah and S. P. Mohanty and E. Kougianos}, 
    booktitle={2014 IEEE Computer Society Annual Symposium on VLSI}, 
    title={Exploring Kriging for Fast and Accurate Design Optimization of Nanoscale Analog Circuits}, 
    year={2014}, 
    pages={244-247}, 
    keywords={analogue integrated circuits;nanoelectronics;optimisation;statistical analysis;Kriging;design optimization;manual iterative circuit sizing;metamodeling techniques;nanoscale analog circuits;optimal designs;process variation;Algorithm design and analysis;Artificial neural networks;Computational modeling;Metamodeling;Optimization;Phase locked loops;Analog Mixed-Signal (AMS);Geostatistics;Kriging;Nano-CMOS;Neural Network;Optimization;Process Variation}, 
    doi={10.1109/ISVLSI.2014.12}, 
    ISSN={2159-3469}, 
    month={July},
}
@inproceedings{yu2007yield,
  title={Yield-aware analog integrated circuit optimization using geostatistics motivated performance modeling},
  author={Yu, Guo and Li, Peng},
  booktitle={Computer-Aided Design, 2007. ICCAD 2007. IEEE/ACM International Conference on},
  pages={464--469},
  year={2007},
  organization={IEEE}
}
@inproceedings{yu2008yield,
  title={Yield-aware hierarchical optimization of large analog integrated circuits},
  author={Yu, Guo and Li, Peng},
  booktitle={Proceedings of the 2008 IEEE/ACM International Conference on Computer-Aided Design},
  pages={79--84},
  year={2008},
  organization={IEEE Press}
}
@article{okobiah2014fast, 
    author={O. Okobiah and S. Mohanty and E. Kougianos}, 
    journal={IEEE Transactions on Very Large Scale Integration (VLSI) Systems}, 
    title={Fast Design Optimization Through Simple Kriging Metamodeling: A Sense Amplifier Case Study}, 
    year={2014}, 
    volume={22}, 
    number={4}, 
    pages={932-937}, 
    keywords={CMOS integrated circuits;amplifiers;circuit optimisation;integrated circuit design;integrated circuit modelling;simulated annealing;clamped bitline amplifier circuit;correlation effect modelling;fast design optimization;nanoscale CMOS circuits;sense amplifier;simple Kriging metamodeling technique;simulated annealing algorithm;Fast design optimization;Kriging methods;metamodeling;nano CMOS analog circuits}, 
    doi={10.1109/TVLSI.2013.2256436}, 
    ISSN={1063-8210}, 
    month={April},
}
@article{vural2012analog,
    title={Analog circuit sizing via swarm intelligence},
    author={Vural, RA and Yildirim, T},
    journal={AEU-International Journal of Electronics and Communications},
    volume={66},
    number={9},
    pages={732--740},
    year={2012},
    publisher={Elsevier}
}
@article{6420988,
    author={G. Huang and L. Qian and S. Saibua and D. Zhou and X. Zeng},
    journal={IEEE Transactions on Circuits and Systems I: Regular Papers},
    title={An Efficient Optimization Based Method to Evaluate the {DRV} of {SRAM} Cells},
    year={2013},
    volume={60},
    number={6},
    pages={1511-1520},
    keywords={Monte Carlo methods;SRAM chips;circuit simulation;leakage currents;optimisation;time-domain analysis;0data retention voltage;DRV evaluation tool;Monte Carlo method;SRAM cells;circuit simulator;device parameter variations;importance sampling;multistart point optimization strategy;size 45 nm to 130 nm;substantial leakage current;time domain worst performance bound problem;Integrated circuit modeling;Leakage current;Optimization;SPICE;SRAM cells;Time domain analysis;Transient analysis;DRV;global optimization;multi-start point;process and device parameter variation},
    doi={10.1109/TCSI.2012.2226504},
    ISSN={1549-8328},
    month={June},
}
@inproceedings{1510411, 
    author={A. Nieuwoudt and Y. Massoud}, 
    booktitle={Proceedings. 42nd Design Automation Conference, 2005.}, 
    title={Multi-level approach for integrated spiral inductor optimization}, 
    year={2005}, 
    pages={648-651}, 
    keywords={circuit optimisation;electronic design automation;inductors;integrated circuit design;search problems;analog design automation;analog synthesis;constrained global optimization;integrated spiral inductor;local nonlinear convex optimization;mesh-adaptive direct search algorithms;mixed-signal design automation;optimal spiral inductor geometry;scalable multi-level optimization methodology;Algorithm design and analysis;Constraint optimization;Design automation;Design optimization;Inductors;Integrated circuit synthesis;Permission;Q factor;Signal synthesis;Spirals}, 
    doi={10.1145/1065579.1065749}, 
    ISSN={0738-100X}, 
    month={June},
}
@inproceedings{6811900,
    author={Dian Zhou and Guanming Huang},
    booktitle={ASIC (ASICON), 2013 IEEE 10th International Conference on},
    title={Design automation of analog circuit considering the process variations},
    year={2013},
    pages={1-4},
    keywords={analogue integrated circuits;circuit optimisation;integrated circuit design;analog circuit;automatic design method;embedded spice-level simulator;multistart point optimization strategy;Accuracy;Analog circuits;Design automation;Linear programming;Load modeling;Numerical models;Optimization},
    doi={10.1109/ASICON.2013.6811900},
    ISSN={2162-7541},
    month={Oct},
}
@article{liu2011synthesis, 
    author={B. Liu and D. Zhao and P. Reynaert and G. G. E. Gielen}, 
    journal={IEEE Transactions on Computer-Aided Design of Integrated Circuits and Systems}, 
    title={{Synthesis of Integrated Passive Components for High-Frequency RF ICs Based on Evolutionary Computation and Machine Learning Techniques}}, 
    year={2011}, 
    volume={30}, 
    number={10}, 
    pages={1458-1468}, 
    keywords={Gaussian processes;electronic engineering computing;evolutionary computation;learning (artificial intelligence);millimetre wave integrated circuits;neural nets;search problems;Gaussian process;artificial neural network;differential evolution algorithm;electromagnetic simulation;equivalent circuit;evolutionary computation;frequency 60 GHz;high frequency RF IC;integrated passive components;machine learning techniques;memetic machine learning based differential evolution;microwave passive components;search mechanism;surrogate model based memetic evolutionary optimization mechanism;Computational modeling;Integrated circuit modeling;Microwave circuits;Microwave integrated circuits;Optimization;Radio frequency;Artificial neural network;differential evolution;gaussian process;inductor synthesis;microwave components;surrogate model;transformer synthesis}, 
    doi={10.1109/TCAD.2011.2162067}, 
    ISSN={0278-0070}, 
    month={Oct},
}
@inproceedings{5763181,
    author={B. Liu and Y. He and P. Reynaert and G. Gielen},
    booktitle={2011 Design, Automation Test in Europe},
    title={Global optimization of integrated transformers for high frequency microwave circuits using a {Gaussian} process based surrogate model},
    year={2011},
    pages={1-6},
    keywords={Gaussian processes;equivalent circuits;microwave integrated circuits;optimisation;passive networks;transformers;GPDECO;Gaussian process;RF passive components;RFIC designers;constrained optimization;differential evolution;electromagnetic simulations;equivalent circuit models;global optimization;high frequency microwave circuits;integrated transformers;microwave passive components;surrogate model;Accuracy;Data models;Integrated circuit modeling;Microwave circuits;Optimization;Predictive models;Differential evolution;Gaussian process;Microwave components;Microwave design;Surrogate model;Transformer synthesis},
    doi={10.1109/DATE.2011.5763181},
    ISSN={1530-1591},
    month={March},
}
@article{6218230, 
    author={B. Liu and N. Deferm and D. Zhao and P. Reynaert and G. G. E. Gielen}, 
    journal={IEEE Transactions on Computer-Aided Design of Integrated Circuits and Systems}, 
    title={{An Efficient High-Frequency Linear RF Amplifier Synthesis Method Based on Evolutionary Computation and Machine Learning Techniques}},  
    year={2012}, 
    volume={31}, 
    number={7}, 
    pages={981-993}, 
    keywords={CMOS integrated circuits;Gaussian processes;HF amplifiers;differential amplifiers;equivalent circuits;evolutionary computation;field effect MIMIC;learning (artificial intelligence);millimetre wave amplifiers;CMOS technology;EM simulator;Gaussian process;adaptive population generation;core algorithm;evolutionary computation;frequency 60 GHz to 100 GHz;gain 10 dB;global optimization algorithm;high frequency linear RF amplifier synthesis;machine learning-based differential evolution;millimeter wave linear RF amplifier synthesis;naive Bayes classification;parasitic-included equivalent circuit models;predefined layout templates;radiofrequency integrated circuit design automation;size 90 nm;three-stage differential amplifier;time 25 h;Computational modeling;Inductors;Integrated circuit modeling;Optimization;Power transmission lines;Radio frequency;Transistors;Differential evolution;Gaussian process;efficient global optimization;expensive black-box optimization;mm-wave frequency;radio frequency (RF) circuit synthesis}, 
    doi={10.1109/TCAD.2012.2187207}, 
    ISSN={0278-0070}, 
    month={July},
}
@article{liu2014gaspad, 
    author={B. Liu and D. Zhao and P. Reynaert and G. G. E. Gielen}, 
    journal={IEEE Transactions on Computer-Aided Design of Integrated Circuits and Systems}, 
    title={{GASPAD}: A General and Efficient mm-Wave Integrated Circuit Synthesis Method Based on Surrogate Model Assisted Evolutionary Algorithm}, 
    year={2014}, 
    volume={33}, 
    number={2}, 
    pages={169-182}, 
    doi={10.1109/TCAD.2013.2284109}, 
    ISSN={0278-0070}, 
    month={Feb},
}
@inproceedings{liu2016efficient, 
author={B. Liu and A. Nikolaeva}, 
booktitle={2016 Design, Automation Test in Europe Conference Exhibition (DATE)}, 
title={{Efficient global optimization of MEMS based on surrogate model assisted evolutionary algorithm}}, 
year={2016}, 
pages={555-558}, 
keywords={Gaussian processes;evolutionary computation;micromechanical
    devices;numerical analysis;MEMS design optimization;ad-hoc analytical
        model;adaptive Gaussian process;assisted differential
        evolution;assisted optimization framework;behavioural
        model;differential evolution algorithm;on-line adaptive
        surrogate;surrogate model assisted evolutionary algorithm;time
        consuming numerical simulations;Computational modeling;Micromechanical
        devices;Numerical models;Optimization;Sociology;Statistics;Training
        data}, 
month={March},
}
@article{liu2009analog,
  title={Analog circuit optimization system based on hybrid evolutionary algorithms},
  author={Liu, Bo and Wang, Yan and Yu, Zhiping and Liu, Leibo and Li, Miao and Wang, Zheng and Lu, Jing and Fern{\'a}ndez, Francisco V},
  journal={Integration, the VLSI journal},
  volume={42},
  number={2},
  pages={137--148},
  year={2009},
  publisher={Elsevier}
}

@article{deb2000efficient,
    title={An efficient constraint handling method for genetic algorithms},
    author={Deb, Kalyanmoy},
    journal={Computer methods in applied mechanics and engineering},
    volume={186},
    number={2},
    pages={311--338},
    year={2000},
    publisher={Elsevier}
}
@inproceedings{pengboDate, 
    author={B. Peng and F. Yang and C. Yan and X. Zeng and D. Zhou}, 
    booktitle={2016 Design, Automation Test in Europe Conference Exhibition (DATE)}, 
    title={Efficient multiple starting point optimization for automated analog circuit optimization via recycling simulation data}, 
    year={2016}, 
    pages={1417-1422}, 
    keywords={analogue circuits;circuit optimisation;gradient methods;quadratic programming;automated analog circuit optimization;gradient calculation;multiple starting point optimization;recycling simulation data;sequential quadratic programming;sparse gradient recovery;Algorithm design and analysis;Analog circuits;Data models;Integrated circuit modeling;Mathematical model;Optimization;Recycling}, 
    month={March},
}
@phdthesis{tugui2013design,
    TITLE = {{Design Methodology for High-performance Circuits Based on Automatic Optimization Methods.}},
    AUTHOR = {Tugui, Catalin Adrian},
    URL = {https://tel.archives-ouvertes.fr/tel-00789352},
    NUMBER = {2013SUPL0002},
    SCHOOL = {{Sup{\'e}lec}},
    YEAR = {2013},
    MONTH = Jan,
    KEYWORDS = {Analog design methodology ; Continuous-time ; Bayesian optimization ; Optimisation bay{\'e}sienne ; Temps-continu ; Sigma-Delta ; M{\'e}thodologie de conception analogique temps-continu},
    TYPE = {Theses},
    PDF = {https://tel.archives-ouvertes.fr/tel-00789352/file/TUGUI_Catalin_Thesis_2012_01_VF.pdf},
    HAL_ID = {tel-00789352},
    HAL_VERSION = {v1},
}
@article{bull2011convergence,
  title={Convergence rates of efficient global optimization algorithms},
  author={Bull, Adam D},
  journal={Journal of Machine Learning Research},
  volume={12},
  number={Oct},
  pages={2879--2904},
  year={2011}
}
@phdthesis{duvenaud2014automatic,
  title={{Automatic model construction with Gaussian processes}}},
  author={Duvenaud, David},
  year={2014},
  school={University of Cambridge}
}
@article{gonzalez2017automated,
  title={{An automated design methodology of RF circuits by using Pareto-optimal fronts of EM-simulated inductors}},
  author={Gonz{\'a}lez-Echevarr{\'\i}a, Reinier and Roca, Elisenda and Castro-L{\'o}pez, Rafael and Fern{\'a}ndez, Francisco V and Sieiro, Javier and L{\'o}pez-Villegas, Jos{\'e} Mar{\'\i}a and Vidal, Neus},
  journal={IEEE Transactions on Computer-Aided Design of Integrated Circuits and Systems},
  volume={36},
  number={1},
  pages={15--26},
  year={2017},
  publisher={IEEE}
}
@article{minasny2005matern,
  title={The Mat{\'e}rn function as a general model for soil variograms},
  author={Minasny, Budiman and McBratney, Alex B},
  journal={Geoderma},
  volume={128},
  number={3},
  pages={192--207},
  year={2005},
  publisher={Elsevier}
}
@article{jones1998efficient,
  title={Efficient global optimization of expensive black-box functions},
  author={Jones, Donald R and Schonlau, Matthias and Welch, William J},
  journal={Journal of Global optimization},
  volume={13},
  number={4},
  pages={455--492},
  year={1998},
  publisher={Springer}
}
@article{shen2006fast,
  title={{Fast Gaussian process regression using KD-trees}},
  author={Shen, Yirong and Ng, Andrew and Seeger, Matthias},
  journal={Advances in neural information processing systems},
  volume={18},
  pages={1225},
  year={2006},
  publisher={MIT; 1998}
}
@inproceedings{hoffman2011portfolio,
  title={{Portfolio Allocation for Bayesian Optimization.}},
  author={Hoffman, Matthew D and Brochu, Eric and de Freitas, Nando},
  booktitle={UAI},
  pages={327--336},
  year={2011}
}
@article{hutter2010sequential,
  title={Sequential model-based optimization for general algorithm configuration (extended version)},
  author={Hutter, Frank and Hoos, Holger H and Leyton-Brown, Kevin},
  journal={Technical Report TR-2010--10, University of British Columbia, Computer Science, Tech. Rep.},
  year={2010}
}
@article{schonlau1998global,
  title={Global versus local search in constrained optimization of computer models},
  author={Schonlau, Matthias and Welch, William J and Jones, Donald R},
  journal={Lecture Notes-Monograph Series},
  pages={11--25},
  year={1998},
  publisher={JSTOR}
}
@inproceedings{gardner2014bayesian,
  title={{Bayesian Optimization with Inequality Constraints}},
  author={Gardner, Jacob and Kusner, Matt and Weinberger, Kilian and Cunningham, John and others},
  booktitle={Proceedings of The 31st International Conference on Machine Learning},
  pages={937--945},
  year={2014}
}
@inproceedings{gelbart2014bayesian,
  title={Bayesian optimization with unknown constraints},
  author={Gelbart, Michael A and Snoek, Jasper and Adams, Ryan P},
  booktitle={Proceedings of the Thirtieth Conference on Uncertainty in Artificial Intelligence},
  pages={250--259},
  year={2014},
  organization={AUAI Press}
}
@article{hernandez2016general,
  title={A general framework for constrained {Bayesian} optimization using information-based search},
  author={Hern{\'a}ndez-Lobato, Jos{\'e} Miguel and Gelbart, Michael A and Adams, Ryan P and Hoffman, Matthew W and Ghahramani, Zoubin},
  journal={Journal of Machine Learning Research},
  volume={17},
  number={160},
  pages={1--53},
  year={2016},
  publisher={Journal of Machine Learning Research}
}
@article{lizotte2012experimental,
  title={An experimental methodology for response surface optimization methods},
  author={Lizotte, Daniel J and Greiner, Russell and Schuurmans, Dale},
  journal={Journal of Global Optimization},
  volume={53},
  number={4},
  pages={699--736},
  year={2012},
  publisher={Springer}
}
@inproceedings{snoek2012practical,
  title={{Practical Bayesian optimization of machine learning algorithms}},
  author={Snoek, Jasper and Larochelle, Hugo and Adams, Ryan P},
  booktitle={Advances in neural information processing systems},
  pages={2951--2959},
  year={2012}
}
@phdthesis{gelbart2015constrained,
    title={{Constrained Bayesian Optimization and Applications}},
    author={Gelbart, Michael Adam},
    year={2015}
}
@article{storn1997differential,
    title={Differential evolution--a simple and efficient heuristic for global optimization over continuous spaces},
    author={Storn, Rainer and Price, Kenneth},
    journal={Journal of global optimization},
    volume={11},
    number={4},
    pages={341--359},
    year={1997},
    publisher={Springer}
}
@book{sutton1998reinforcement,
  title={Reinforcement learning: An introduction},
  author={Sutton, Richard S and Barto, Andrew G},
  volume={1},
  number={1},
  year={1998},
  publisher={MIT press Cambridge}
}
@article{Yan2013, 
    author={Z. Yan and P. I. Mak and M. K. Law and R. P. Martins}, 
    journal={IEEE Journal of Solid-State Circuits}, 
    title={A 0.016-mm$^{2}$ 144-$\mu$W Three-Stage Amplifier Capable of Driving 1-to-15 nF Capacitive Load With $> $0.95-MHz GBW}, 
    year={2013}, 
    volume={48}, 
    number={2}, 
    pages={527-540}, 
    keywords={UHF amplifiers;circuit feedback;compensation;GBW;capacitance 1 nF to 15 nF;capacitive load;control-centric method;current-buffer Miller compensation;figure-of-merit;frequency 0.95 MHz;local feedback loop analysis;minimum gain-bandwidth product;parasitic-pole cancellation;pole-zero placements;power 144 muW;size 0.35 mum;slew rate;small-signal FOM;three-stage amplifier;Circuit analysis;Feedback loop;Limiting;Poles and zeros;Stability analysis;Standards;Active LHP zero;CMOS;Miller compensation;current buffer;current buffer Miller compensation;frequency compensation;pole-zero cancellation;three-stage amplifier}, 
    doi={10.1109/JSSC.2012.2229070}, 
    ISSN={0018-9200}, 
    month={Feb},
}
@ARTICLE{TVLSI-3DIC, 
    author={S. J. Park and B. Bae and J. Kim and M. Swaminathan}, 
    journal={IEEE Transactions on Very Large Scale Integration (VLSI) Systems}, 
    title={Application of Machine Learning for Optimization of {3-D} Integrated Circuits and Systems}, 
    year={2017}, 
    volume={PP}, 
    number={99}, 
    pages={1-10}, 
    keywords={Clocks;Computational modeling;Integrated circuit modeling;Optimization;Semiconductor device measurement;Temperature distribution;Temperature measurement;3-D IC;Bayesian optimization (BO);electrical-thermal simulation;machine learning;temperature gradient;thermal-induced skew.}, 
    doi={10.1109/TVLSI.2017.2656843}, 
    ISSN={1063-8210}, 
    month={},
}
@software{johnson2014nlopt,
  author = {Johnson, Steven G.},
  title = {The NLopt nonlinear-optimization package},
  url = {http://ab-initio.mit.edu/nlopt},
  year = 2014
}
@INPROCEEDINGS{ye2013digitally, 
    author={L. Ye and J. Chen and L. Kong and P. Cathelin and E. Alon and A. Niknejad}, 
    booktitle={2013 IEEE International Solid-State Circuits Conference Digest of Technical Papers}, 
    title={{A digitally modulated 2.4GHz WLAN transmitter with integrated phase path and dynamic load modulation in 65nm CMOS}}, 
    year={2013}, 
    pages={330-331}, 
    keywords={CMOS integrated circuits;DC-DC power convertors;OFDM modulation;radio transmitters;wireless LAN;DC-DC converter;OFDM modulation;PA supply;PAPR;Wi-Fi transmitter;battery life;close-in spectral performance;digitally modulated WLAN transmitter;dynamic load modulation;frequency 2 GHz to 5 GHz;integrated CMOS PA;integrated phase path;mobile device;on-chip matching network;peak-to-average-power-ratio;size 65 nm}, 
    doi={10.1109/ISSCC.2013.6487756}, 
    ISSN={0193-6530}, 
    month={Feb},
}
@INPROCEEDINGS{lu201324, 
    author={C. Lu and H. Wang and C. Peng and A. Goel and S. Son and P. Liang and A. Niknejad and H. Hwang and G. Chien}, 
    booktitle={2013 IEEE International Solid-State Circuits Conference Digest of Technical Papers}, 
    title={{A 24.7dBm all-digital RF transmitter for multimode broadband applications in 40nm CMOS}}, 
    year={2013}, 
    pages={332-333}, 
    keywords={CMOS integrated circuits;radio transceivers;radiofrequency integrated circuits;802.11n;CMOS;Cartesian-to-polar transformation;RF circuits;all-digital RF transmitter;broadband wireless connectivity;digital RF transmitters;digital-intensive RF transceivers;digitally-assisted RF transceivers;direct quadrature architecture;frequency 40 MHz;high speed transistors;high-speed wireless standards;multimode broadband applications;open-loop phase interpolation topology;polar architecture;size 40 nm;Bandwidth;Baseband;CMOS integrated circuits;Power amplifiers;Power generation;Radio frequency;Table lookup}, 
    doi={10.1109/ISSCC.2013.6487757}, 
    ISSN={0193-6530}, 
    month={Feb},
}
@inproceedings{chapelle2011empirical,
  title={An empirical evaluation of thompson sampling},
  author={Chapelle, Olivier and Li, Lihong},
  booktitle={Advances in neural information processing systems},
  pages={2249--2257},
  year={2011}
}
@inproceedings{hernandez2014predictive,
  title={Predictive entropy search for efficient global optimization of black-box functions},
  author={Hern{\'a}ndez-Lobato, Jos{\'e} Miguel and Hoffman, Matthew W and Ghahramani, Zoubin},
  booktitle={Advances in neural information processing systems},
  pages={918--926},
  year={2014}
}
@article{hennig2012entropy,
  title={Entropy search for information-efficient global optimization},
  author={Hennig, Philipp and Schuler, Christian J},
  journal={Journal of Machine Learning Research},
  volume={13},
  number={Jun},
  pages={1809--1837},
  year={2012}
}

@article{nsgaii,
  title={{A fast and elitist multiobjective genetic algorithm: NSGA-II}},
  author={Deb, Kalyanmoy and Pratap, Amrit and Agarwal, Sameer and Meyarivan, TAMT},
  journal={IEEE transactions on evolutionary computation},
  volume={6},
  number={2},
  pages={182--197},
  year={2002},
  publisher={IEEE}
}
@article{moead,
  title={{MOEA/D: A multiobjective evolutionary algorithm based on decomposition}},
  author={Zhang, Qingfu and Li, Hui},
  journal={IEEE Transactions on evolutionary computation},
  volume={11},
  number={6},
  pages={712--731},
  year={2007},
  publisher={IEEE}
}
@article{MO_overview,
  title={{Survey of multi-objective optimization methods for engineering}},
  author={Marler, R Timothy and Arora, Jasbir S},
  journal={Structural and multidisciplinary optimization},
  volume={26},
  number={6},
  pages={369--395},
  year={2004},
  publisher={Springer}
}
@inproceedings{AIDA-C, 
author={R. Martins and N. Lourenço and S. Rodrigues and J. Guilherme and N. Horta}, 
booktitle={2012 International Conference on Synthesis, Modeling, Analysis and Simulation Methods and Applications to Circuit Design (SMACD)}, 
title={{AIDA: Automated analog IC design flow from circuit level to layout}}, 
year={2012}, 
pages={29-32}, 
keywords={analogue integrated circuits;evolutionary computation;integrated circuit layout;AIDA environment;CALIBRE;Corners analysis;DRC;GENOM-POF;HSPICE;LAYGEN II;analysis tools;automated analog IC design flow;automated circuit-level synthesis;automatic layout generation;circuit-level specification;circuit-level topology;electrical simulator;evolutionary optimization kernels;expert knowledge;high level layout guidelines;in-house tools;industrial simulators;multiobjective multiconstraint optimization approach;physical layout description;sized circuit-level description;technology independent abstract layout template;Bioinformatics;Design automation;Genomics;Integrated circuits;Layout;Optimization;Robustness;Analog Integrated Circuits;Circuit Level;Design Autonation;Physical Level;Robust Design}, 
doi={10.1109/SMACD.2012.6339409}, 
month={Sept},
}
@inproceedings{GENOM-POF,
  title={{GENOM-POF: multi-objective evolutionary synthesis of analog ICs with corners validation}},
  author={Louren{\c{c}}o, Nuno and Horta, Nuno},
  booktitle={Proceedings of the 14th annual conference on Genetic and evolutionary computation},
  pages={1119--1126},
  year={2012},
  organization={ACM}
}
@inproceedings{7927171, 
author={A. Canelas and R. Martins and R. Póvoa and N. Lourenço and N. Horta}, 
booktitle={{Design, Automation Test in Europe Conference Exhibition (DATE), 2017}}, 
title={Efficient yield optimization method using a variable K-Means algorithm for analog IC sizing}, 
year={2017}, 
pages={1201-1206}, 
keywords={Clustering algorithms;Integrated circuit modeling;Monte Carlo methods;Optical fibers;Optimization;Yield estimation;Analog Integrated Circuits;Clustering;Electronic Design Automation;K-Means;Monte Carlo Simulations;Robust Design;Yield Optimization}, 
doi={10.23919/DATE.2017.7927171}, 
month={March},}

@inproceedings{LiuBo_MOEAD, 
author={B. Liu and F. V. Fernández and Q. Zhang and M. Pak and S. Sipahi and G. Gielen}, 
booktitle={IEEE Congress on Evolutionary Computation}, 
title={{An enhanced MOEA/D-DE and its application to multiobjective analog cell sizing}}, 
year={2010}, 
pages={1-7}, 
keywords={Pareto optimisation;differential equations;evolutionary computation;search problems;Pareto optimal set;decomposition;differential evolution;multiobjective analog cell sizing;multiobjective evolutionary algorithm;multiobjective problem;replacement mechanism;scalar optimization sub-problem;search engine;Approximation algorithms;Approximation methods;Benchmark testing;Evolutionary computation;Maintenance engineering;Optimization;Search engines}, 
doi={10.1109/CEC.2010.5585957}, 
ISSN={1089-778X}, 
month={July},}
@article{fakhfakh2010analog,
  title={Analog circuit design optimization through the particle swarm optimization technique},
  author={Fakhfakh, Mourad and Cooren, Yann and Sallem, Amin and Loulou, Mourad and Siarry, Patrick},
  journal={Analog Integrated Circuits and Signal Processing},
  volume={63},
  number={1},
  pages={71--82},
  year={2010},
  publisher={Springer}
}
@inproceedings{mojito_nsgaii_palmers2009massively,
  title={Massively multi-topology sizing of analog integrated circuits},
  author={Palmers, Pieter and McConnaghy, Trent and Steyaert, Michiel and Gielen, Georges},
  booktitle={Design, Automation \& Test in Europe Conference \& Exhibition, 2009. DATE'09.},
  pages={706--711},
  year={2009},
  organization={IEEE}
}
@inproceedings{mojito_nsgaii_mcconaghy2007simultaneous,
  title={Simultaneous multi-topology multi-objective sizing across thousands of analog circuit topologies},
  author={McConaghy, Trent and Palmers, Pieter and Gielen, Georges and Steyaert, Michiel},
  booktitle={Proceedings of the 44th annual Design Automation Conference},
  pages={944--947},
  year={2007},
  organization={ACM}
}
@inproceedings{nsgaii_moead_guerra2009optimizing,
  title={Optimizing current conveyors by evolutionary algorithms including differential evolution},
  author={Guerra-G{\'o}mez, Ivick and Tlelo-Cuautle, Esteban and McConaghy, Trent and Gielen, G},
  booktitle={Electronics, Circuits, and Systems, 2009. ICECS 2009. 16th IEEE International Conference on},
  pages={259--262},
  year={2009},
  organization={IEEE}
}
@article{cheng2012performance,
  title={On the performance metrics of multiobjective optimization},
  author={Cheng, Shi and Shi, Yuhui and Qin, Quande},
  journal={Advances in Swarm Intelligence},
  pages={504--512},
  year={2012},
  publisher={Springer}
}
@inproceedings{auger2009theory,
  title={Theory of the hypervolume indicator: optimal $\mu$-distributions and the choice of the reference point},
  author={Auger, Anne and Bader, Johannes and Brockhoff, Dimo and Zitzler, Eckart},
  booktitle={Proceedings of the tenth ACM SIGEVO workshop on Foundations of genetic algorithms},
  pages={87--102},
  year={2009},
  organization={ACM}
}
@article{lyu2017efficient,
  title={An Efficient Bayesian Optimization Approach for Automated Optimization of Analog Circuits},
  author={Lyu, Wenlong and Xue, Pan and Yang, Fan and Yan, Changhao and Hong, Zhiliang and Zeng, Xuan and Zhou, Dian},
  journal={IEEE Transactions on Circuits and Systems I: Regular Papers},
  year={2017},
  publisher={IEEE}
}
@article{wang2017efficient,
  title={Efficient Yield Optimization for Analog and SRAM Circuits via Gaussian Process Regression and Adaptive Yield Estimation},
  author={Wang, Mengshuo and Lv, Wenlong and Yang, Fan and Yan, Changhao and Cai, Wei and Zhou, Dian and Zeng, Xuan},
  journal={IEEE Transactions on Computer-Aided Design of Integrated Circuits and Systems},
  year={2017},
  publisher={IEEE}
}
@inproceedings{azimi2010batch,
  title={Batch bayesian optimization via simulation matching},
  author={Azimi, Javad and Fern, Alan and Fern, Xiaoli Z},
  booktitle={Advances in Neural Information Processing Systems},
  pages={109--117},
  year={2010}
}
@article{desautels2014parallelizing,
  title={Parallelizing exploration-exploitation tradeoffs in gaussian process bandit optimization},
  author={Desautels, Thomas and Krause, Andreas and Burdick, Joel W},
  journal={The Journal of Machine Learning Research},
  volume={15},
  number={1},
  pages={3873--3923},
  year={2014},
  publisher={JMLR. org}
}
@inproceedings{contal2013parallel,
  title={Parallel gaussian process optimization with upper confidence bound and pure exploration},
  author={Contal, Emile and Buffoni, David and Robicquet, Alexandre and Vayatis, Nicolas},
  booktitle={Joint European Conference on Machine Learning and Knowledge Discovery in Databases},
  pages={225--240},
  year={2013},
  organization={Springer}
}
@inproceedings{gonzalez2016batch,
  title={Batch bayesian optimization via local penalization},
  author={Gonz{\'a}lez, Javier and Dai, Zhenwen and Hennig, Philipp and Lawrence, Neil},
  booktitle={Artificial Intelligence and Statistics},
  pages={648--657},
  year={2016}
}
@inproceedings{shah2015parallel,
  title={Parallel predictive entropy search for batch global optimization of expensive objective functions},
  author={Shah, Amar and Ghahramani, Zoubin},
  booktitle={Advances in Neural Information Processing Systems},
  pages={3330--3338},
  year={2015}
}
@inproceedings{wu2016parallel,
  title={The parallel knowledge gradient method for batch bayesian optimization},
  author={Wu, Jian and Frazier, Peter},
  booktitle={Advances in Neural Information Processing Systems},
  pages={3126--3134},
  year={2016}
}
@article{brochu2010tutorial,
  title={A tutorial on Bayesian optimization of expensive cost functions, with application to active user modeling and hierarchical reinforcement learning},
  author={Brochu, Eric and Cora, Vlad M and De Freitas, Nando},
  journal={arXiv preprint arXiv:1012.2599},
  year={2010}
}
@InProceedings{demo,
author="Robi{\v{c}}, Tea
and Filipi{\v{c}}, Bogdan",
editor="Coello Coello, Carlos A.
and Hern{\'a}ndez Aguirre, Arturo
and Zitzler, Eckart",
title="DEMO: Differential Evolution for Multiobjective Optimization",
booktitle="Evolutionary Multi-Criterion Optimization",
year="2005",
publisher="Springer Berlin Heidelberg",
address="Berlin, Heidelberg",
pages="520--533",
abstract="Differential Evolution (DE) is a simple but powerful evolutionary optimization algorithm with many successful applications. In this paper we propose Differential Evolution for Multiobjective Optimization (DEMO) -- a new approach to multiobjective optimization based on DE. DEMO combines the advantages of DE with the mechanisms of Pareto-based ranking and crowding distance sorting, used by state-of-the-art evolutionary algorithms for multiobjective optimization. DEMO is implemented in three variants that achieve competitive results on five ZDT test problems.",
isbn="978-3-540-31880-4"
}
@article{scott2011correlated,
  title={The correlated knowledge gradient for simulation optimization of continuous parameters using gaussian process regression},
  author={Scott, Warren and Frazier, Peter and Powell, Warren},
  journal={SIAM Journal on Optimization},
  volume={21},
  number={3},
  pages={996--1026},
  year={2011},
  publisher={SIAM}
}
@article{dixon1978global,
  title={The Global Optimization Problem. An Introduction},
  author={Dixon, LCW},
  journal={Toward global optimization},
  volume={2},
  pages={1--15},
  year={1978},
  publisher={North-Holland}
}
@inproceedings{qEI,
  title={Fast computation of the multi-points expected improvement with applications in batch selection},
  author={Chevalier, Cl{\'e}ment and Ginsbourger, David},
  booktitle={International Conference on Learning and Intelligent Optimization},
  pages={59--69},
  year={2013},
  organization={Springer}
}
@article{wang2017max,
  title={Max-value entropy search for efficient Bayesian optimization},
  author={Wang, Zi and Jegelka, Stefanie},
  journal={arXiv preprint arXiv:1703.01968},
  year={2017}
}
@inproceedings{srinivas2010gaussian,
  title={Gaussian process optimization in the bandit setting: no regret and experimental design},
  author={Srinivas, Niranjan and Krause, Andreas and Kakade, Sham and Seeger, Matthias},
  booktitle={Proceedings of the 27th International Conference on International Conference on Machine Learning},
  pages={1015--1022},
  year={2010},
  organization={Omnipress}
}
